<record><leader>00000cas a2200000Ma 4500</leader><controlfield tag="001">10788025</controlfield><controlfield tag="008">840530d18491849mauwr ne      0    0eng d</controlfield><controlfield tag="009">330</controlfield><datafield ind1=" " ind2=" " tag="010"><subfield code="a">sn 84023189 </subfield></datafield><datafield ind1=" " ind2=" " tag="040"><subfield code="a">AQM</subfield><subfield code="c">AQM</subfield></datafield><datafield ind1="0" ind2="0" tag="245"><subfield code="a">Boston domestic advertiser.</subfield></datafield><datafield ind1=" " ind2=" " tag="260"><subfield code="a">[Boston, Mass. :</subfield><subfield code="b">s.n.],</subfield><subfield code="c">1849- .</subfield></datafield><datafield ind1=" " ind2=" " tag="300"><subfield code="a">v.</subfield></datafield><datafield ind1=" " ind2=" " tag="310"><subfield code="a">Weekly</subfield></datafield><datafield ind1="0" ind2=" " tag="362"><subfield code="a">Vol. 1, no. 5 (Mar. 12, 1849)-</subfield></datafield><datafield ind1="1" ind2=" " tag="362"><subfield code="a">Ceased in 1849.</subfield></datafield><datafield ind1=" " ind2=" " tag="500"><subfield code="a">Editor: J.M. Crowley.</subfield></datafield><datafield ind1=" " ind2=" " tag="500"><subfield code="a">Publishers: Blodgett &amp; Foss, 1849.</subfield></datafield><datafield ind1=" " ind2=" " tag="500"><subfield code="a">Printers: Stacy, Richardson &amp; Co.</subfield></datafield><datafield ind1=" " ind2="7" tag="655"><subfield code="a">Newspapers.</subfield><subfield code="2">rbgenr</subfield></datafield><datafield ind1="1" ind2=" " tag="700"><subfield code="a">Crowley, John M.</subfield></datafield><datafield ind1=" " ind2=" " tag="752"><subfield code="a">United States</subfield><subfield code="b">Massachusetts</subfield><subfield code="c">Suffolk</subfield><subfield code="d">Boston.</subfield></datafield><datafield ind1="0" ind2="0" tag="780"><subfield code="t">Boston commercial and domestic advertiser</subfield></datafield><datafield ind1="0" ind2="0" tag="785"><subfield code="t">Domestic advertiser</subfield><subfield code="w">(DLC)sn 84023188</subfield></datafield></record>